@article{EMrev,
title = "Chiral effective field theory and nuclear forces ",
journal = "Phys. Rept.",
volume = "503",
number = "1",
pages = "1 - 75",
year = "2011",
note = "",
issn = "0370-1573",
doi = "10.1016/j.physrep.2011.02.001",
url = "http://www.sciencedirect.com/science/article/pii/S0370157311000457",
author = "R. Machleidt and D.R. Entem",
keywords = "Low-energy QCD",
keywords = "Effective field theory",
keywords = "Chiral perturbation theory",
keywords = "Nuclear forces",
keywords = "Nucleon\UTF{2013}nucleon scattering "
}

@article{Kohno13,
  title = {Nuclear and neutron matter $G$-matrix calculations with a chiral effective field theory potential including effects of three-nucleon interactions},
  author = {Kohno, M.},
  journal = {Phys. Rev. C},
  volume = {88},
  issue = {6},
  pages = {064005},
  numpages = {14},
  year = {2013},
  month = {Dec},
  publisher = {American Physical Society},
  doi = {10.1103/PhysRevC.88.064005},
  url = {https://link.aps.org/doi/10.1103/PhysRevC.88.064005}
}

@article{Kohno17err,
  title = {Erratum: Nuclear and neutron matter $G$-matrix calculations with a chiral effective field theory potential including effects of three-nucleon interactions [Phys. Rev. C 88, 064005 (2013)]},
  author = {Kohno, M.},
  journal = {Phys. Rev. C},
  volume = {96},
  issue = {5},
  pages = {059903},
  numpages = {5},
  year = {2017},
  month = {Nov},
  publisher = {American Physical Society},
  doi = {10.1103/PhysRevC.96.059903},
  url = {https://link.aps.org/doi/10.1103/PhysRevC.96.059903}
}

@article{SY_MBPT,
author = { Sota Yoshida and  Michio Kohno and  Takashi Abe and  Takaharu Otsuka and  Naofumi Tsunoda and  Noritaka Shimizu},
title = {Shell-Model Hamiltonians from Chiral Forces},
journal={JPS Conf. Proc,},
volume = {23},
pages = {013014},
year = {2018},
doi = {10.7566/JPSCP.23.013014},
URL = {https://journals.jps.jp/doi/abs/10.7566/JPSCP.23.013014},
}

@article{Lukas18,
  title = {Shell-model interactions from chiral effective field theory},
  author = {Huth, L. and Durant, V. and Simonis, J. and Schwenk, A.},
  journal = {Phys. Rev. C},
  volume = {98},
  issue = {4},
  pages = {044301},
  numpages = {16},
  year = {2018},
  month = {Oct},
  publisher = {American Physical Society},
  doi = {10.1103/PhysRevC.98.044301},
  url = {https://link.aps.org/doi/10.1103/PhysRevC.98.044301}
}
